@book {silverman,
	author = {Joseph H. Silverman},
	title = {The Arithmetic of Elliptic Curves},
	year = {2009},
	edition = {2},
	publisher = {Springer, New York, NY}
}

@book {hatcher,
	author = {Allen Hatcher},
	title = {Algebraic Topology},
	year = {2001},
	publisher = {Cambridge University Press}
}
